<record><leader>00000cas a22000007a 4500</leader><controlfield tag="001">22514704</controlfield><controlfield tag="008">901015d18921894mouwr ne      0    0eng d</controlfield><datafield ind1=" " ind2=" " tag="010"><subfield code="a">sn 90061551 </subfield></datafield><datafield ind1=" " ind2=" " tag="040"><subfield code="a">MQN</subfield><subfield code="b">eng</subfield><subfield code="c">MQN</subfield><subfield code="d">OCLCQ</subfield></datafield><datafield ind1=" " ind2=" " tag="042"><subfield code="a">msc</subfield></datafield><datafield ind1="0" ind2="0" tag="245"><subfield code="a">Westport examiner.</subfield></datafield><datafield ind1=" " ind2=" " tag="260"><subfield code="a">Westport, Mo. :</subfield><subfield code="b">Richmond &amp; Banta,</subfield><subfield code="c">-1894.</subfield></datafield><datafield ind1=" " ind2=" " tag="300"><subfield code="a">v.</subfield></datafield><datafield ind1=" " ind2=" " tag="310"><subfield code="a">Weekly</subfield></datafield><datafield ind1="1" ind2=" " tag="362"><subfield code="a">Began in 1892?</subfield></datafield><datafield ind1="0" ind2=" " tag="362"><subfield code="a">-v. 2, no. 34 (June 9, 1894).</subfield></datafield><datafield ind1=" " ind2=" " tag="588"><subfield code="a">Description based on: Vol. 1, no. 44 (Aug. 19, 1893).</subfield></datafield><datafield ind1=" " ind2=" " tag="752"><subfield code="a">United States</subfield><subfield code="b">Missouri</subfield><subfield code="c">Jackson</subfield><subfield code="d">Kansas City.</subfield></datafield><datafield ind1=" " ind2=" " tag="752"><subfield code="a">United States</subfield><subfield code="b">Missouri</subfield><subfield code="c">Jackson</subfield><subfield code="d">Westport.</subfield></datafield><datafield ind1="0" ind2="7" tag="785"><subfield code="t">Sentinel (Kansas City, Mo.)</subfield></datafield><datafield ind1="0" ind2="7" tag="785"><subfield code="t">Sentinel-examiner</subfield><subfield code="w">(DLC)sn 90061552</subfield></datafield></record>